@online{latex_template,
	title        = {VUB LaTeX huisstijl},
	author       = {De Smet, Ruben},
	year         = 2020,
	url          = {https://gitlab.com/rubdos/texlive-vub},
	urldate      = {2020-11-02},
	note         = {GitHub commit: d91f55799abd390a7dac92492f894b9b5fea2f47}
}
@online{github_project,
	title        = {Machine Learning project},
	author       = {Bontinck, Lennert},
	year         = 2020,
	url          = {https://github.com/VUB-CGT/ml-project-2020-pikawika},
	urldate      = {2020-12-11},
	note         = {GitHub commit: Todo}
}
@online{kaggle_competition,
	title        = {VUB: Animal Classification},
	author       = {Rosseau, Andries},
	year         = 2020,
	url          = {https://www.kaggle.com/c/vub-animal-classification-20/},
	urldate      = {2020-11-15}
}