@online{latex_template,
	title        = {VUB LaTeX huisstijl},
	author       = {De Smet, Ruben},
	year         = 2020,
	url          = {https://gitlab.com/rubdos/texlive-vub},
	urldate      = {2020-11-02},
	note         = {GitHub commit: d91f55799abd390a7dac92492f894b9b5fea2f47}
}
@online{github_project,
	title        = {Machine Learning project},
	author       = {Bontinck, Lennert},
	year         = 2020,
	url          = {https://github.com/VUB-CGT/ml-project-2020-pikawika},
	urldate      = {2020-12-11},
	note         = {GitHub commit: TODO}
}
@online{kaggle_competition,
	title        = {VUB: Animal Classification},
	author       = {Rosseau, Andries},
	year         = 2020,
	url          = {https://www.kaggle.com/c/vub-animal-classification-20/},
	urldate      = {2020-11-15}
}
@article{scikit_learn,
	title        = {Scikit-learn: Machine Learning in {P}ython},
	author       = {Pedregosa, F. and Varoquaux, G. and Gramfort, A. and Michel, V. and Thirion, B. and Grisel, O. and Blondel, M. and Prettenhofer, P. and Weiss, R. and Dubourg, V. and Vanderplas, J. and Passos, A. and Cournapeau, D. and Brucher, M. and Perrot, M. and Duchesnay, E.},
	year         = 2011,
	journal      = {Journal of Machine Learning Research},
	volume       = 12,
	pages        = {2825--2830}
}
@inproceedings{kmeansvsmini,
	title        = {K-means vs Mini Batch K-means: a comparison},
	author       = {J. Alonso},
	year         = 2013
}
@article{rootsift,
	title        = {A Comparative Analysis of RootSIFT and SIFT Methods for Drowsy Features Extraction},
	author       = {Vineetha Vijayan and Pushpalatha KP},
	year         = 2020,
	journal      = {Procedia Computer Science},
	volume       = 171,
	pages        = {436--445},
	doi          = {https://doi.org/10.1016/j.procs.2020.04.046},
	issn         = {1877-0509},
	url          = {http://www.sciencedirect.com/science/article/pii/S1877050920310127},
	note         = {Third International Conference on Computing and Network Communications (CoCoNet'19)},
	keywords     = {RootSIFT, SIFT, Keypoints, Descriptor, DoG, Extraction}
}
@online{pretty_cm,
	title        = {Confusion Matrix in Python},
	author       = {Wagner Cipriano},
	year         = 2020,
	url          = {https://github.com/wcipriano/pretty-print-confusion-matrix},
	urldate      = {2021-01-10},
	note         = {GitHub commit: 8f5688b138b6ab0fa2678cb74fb4e8d602027b08}
}
